<?xml version="1.0" encoding="UTF-8"?>
<marc:collection xmlns:marc="http://www.loc.gov/MARC21/slim" xmlns:xsi="http://www.w3.org/2001/XMLSchema-instance" xsi:schemaLocation="http://www.loc.gov/MARC21/slim http://www.loc.gov/standards/marcxml/schema/MARC21slim.xsd">
   <marc:record type="Bibliographic">
      <marc:leader>01181cam a2200229 a 4500</marc:leader>
      <marc:controlfield tag="001">362340</marc:controlfield>
      <marc:controlfield tag="003">NjP</marc:controlfield>
      <marc:controlfield tag="005">20130502110521.0</marc:controlfield>
      <marc:controlfield tag="008">870319s1980    ir            00010 ara d</marc:controlfield>
      <marc:datafield tag="024" ind1="7" ind2=" ">
         <marc:subfield code="a">princeton_aco000588</marc:subfield>
         <marc:subfield code="2">local</marc:subfield>
      </marc:datafield>
      <marc:datafield tag="035" ind1=" " ind2=" ">
         <marc:subfield code="a">(OCoLC)27907177</marc:subfield>
      </marc:datafield>
      <marc:datafield tag="035" ind1=" " ind2=" ">
         <marc:subfield code="a">(CStRLIN)NJPG87-B12219</marc:subfield>
      </marc:datafield>
      <marc:datafield tag="035" ind1=" " ind2=" ">
         <marc:subfield code="9">ABT7752TS</marc:subfield>
      </marc:datafield>
      <marc:datafield tag="040" ind1=" " ind2=" ">
         <marc:subfield code="a">NjP</marc:subfield>
         <marc:subfield code="c">NjP</marc:subfield>
      </marc:datafield>
      <marc:datafield tag="100" ind1="1" ind2=" ">
         <marc:subfield code="a">Lāhījī, ʻAbd al-Razzāq,</marc:subfield>
         <marc:subfield code="d">active 17th century.</marc:subfield>
      </marc:datafield>
      <marc:datafield tag="245" ind1="1" ind2="0">
         <marc:subfield code="a">Shawāriq al-ilhām lil-mawlá ʻAbd al-Razzāq al-Lāhījī al-Fayyāḍ fī sharḥ Tajrīd al-kalām lil-muḥaqqiq Naṣīr al-Dīn al-Ṭūsī :</marc:subfield>
         <marc:subfield code="b">ʻalayhā taʻlīqāt shayyiqah li-aʻlām al-ḥikmah wa-al-kalām minhum al-ḥākim al-muʻassis al-Āqā ʻAlī al-Mudarris /</marc:subfield>
         <marc:subfield code="c">ʻAbd al-Razzāq al-Lāhījī al-Fayyāḍ.</marc:subfield>
      </marc:datafield>
      <marc:datafield tag="260" ind1=" " ind2=" ">
         <marc:subfield code="a">Ṭihrān :</marc:subfield>
         <marc:subfield code="b">Maktabat al-Farabī,</marc:subfield>
         <marc:subfield code="c">1401 [1980 or 1981]</marc:subfield>
      </marc:datafield>
      <marc:datafield tag="300" ind1=" " ind2=" ">
         <marc:subfield code="a">v. ;</marc:subfield>
         <marc:subfield code="c">33 cm</marc:subfield>
      </marc:datafield>
      <marc:datafield tag="600" ind1="1" ind2="0">
         <marc:subfield code="a">Ṭūsī, Naṣīr al-Dīn Muḥammad ibn Muḥammad,</marc:subfield>
         <marc:subfield code="d">1201-1274.</marc:subfield>
         <marc:subfield code="t">Tajrīd al-iʻtiqād.</marc:subfield>
      </marc:datafield>
      <marc:datafield tag="650" ind1=" " ind2="0">
         <marc:subfield code="a">Scholasticism</marc:subfield>
         <marc:subfield code="x">Early works to 1800.</marc:subfield>
      </marc:datafield>
      <marc:datafield tag="852" ind1="0" ind2=" ">
         <marc:subfield code="b">nec</marc:subfield>
         <marc:subfield code="h">B753.T873</marc:subfield>
         <marc:subfield code="i">T35735 1980q</marc:subfield>
         <marc:subfield code="p">395964</marc:subfield>
         <marc:subfield code="x">reclassed from: 2276.9162.774q</marc:subfield>
      </marc:datafield>
      <marc:datafield tag="998" ind1=" " ind2=" ">
         <marc:subfield code="a">12/01/88</marc:subfield>
         <marc:subfield code="s">9118</marc:subfield>
         <marc:subfield code="n">NjP</marc:subfield>
         <marc:subfield code="w">NJPG87B12219</marc:subfield>
         <marc:subfield code="d">03/19/87</marc:subfield>
         <marc:subfield code="c">DGH</marc:subfield>
         <marc:subfield code="b">MT</marc:subfield>
         <marc:subfield code="i">881201</marc:subfield>
         <marc:subfield code="l">NJPG</marc:subfield>
      </marc:datafield>
      <marc:datafield tag="911" ind1=" " ind2=" ">
         <marc:subfield code="a">19921028</marc:subfield>
      </marc:datafield>
      <marc:datafield tag="912" ind1=" " ind2=" ">
         <marc:subfield code="a">19900827000000.0</marc:subfield>
      </marc:datafield>
   </marc:record>
</marc:collection>
